<collection xmlns="http://www.loc.gov/MARC21/slim">
<record>
  <leader>01683nam0a22002891i 450 </leader>
  <controlfield tag="001">IT\ICCU\CNCE\072202</controlfield>
  <controlfield tag="005">20201005000000.0</controlfield>
  <datafield tag="012" ind1=" " ind2=" ">
    <subfield code="a">a.o- rea, qlre qune (3) 1550 (R)</subfield>
    <subfield code="2">fei</subfield>
  </datafield>
  <datafield tag="100" ind1=" " ind2=" ">
    <subfield code="a">20071212d1550        0itac0103    ba</subfield>
  </datafield>
  <datafield tag="101" ind1=" " ind2=" ">
    <subfield code="a">ITA</subfield>
  </datafield>
  <datafield tag="102" ind1=" " ind2=" ">
    <subfield code="a">CH</subfield>
  </datafield>
  <datafield tag="200" ind1="1" ind2=" ">
    <subfield code="a">Al serenissimo re d&apos;Inghilterra Edoardo sesto. De portamenti di papa Giulio III. Et quale habbia ad essere il concilio, che egli intende di fare</subfield>
  </datafield>
  <datafield tag="210" ind1=" " ind2=" ">
    <subfield code="h">Nel mese di nouembre 1550</subfield>
  </datafield>
  <datafield tag="215" ind1=" " ind2=" ">
    <subfield code="a">30 c.</subfield>
    <subfield code="d">8ʻ</subfield>
  </datafield>
  <datafield tag="300" ind1=" " ind2=" ">
    <subfield code="a">Stampata a Poschiavo nella tipografia di Dolfino Landolfi; per l&apos;autore e il tipografo cfr.: S. Cavazza, Pier Paolo Vergerio nei Grigioni e in Valtellina (1549-1553): attivit ̉editoriale e polemica religiosa, in &quot;Riforma e societ ̉nei Grigioni, Valtellina e Valchiavenna tra &apos;500 e &apos;600&quot;, a cura di Alessandro Pastore</subfield>
  </datafield>
  <datafield tag="620" ind1=" " ind2=" ">
    <subfield code="a">CH</subfield>
    <subfield code="d">Poschiavo</subfield>
  </datafield>
  <datafield tag="700" ind1=" " ind2="1">
    <subfield code="a">Vergerio,</subfield>
    <subfield code="b">Pietro Paolo</subfield>
    <subfield code="c"> &lt;il giovane&gt;</subfield>
    <subfield code="3">IT\ICCU\CNCA\000160</subfield>
  </datafield>
  <datafield tag="712" ind1="0" ind2="0">
    <subfield code="a">Landolfi, Dolfino</subfield>
    <subfield code="3">IT\ICCU\CNCT\003297</subfield>
    <subfield code="4">650</subfield>
  </datafield>
  <datafield tag="790" ind1=" " ind2="1">
    <subfield code="a">Vergerius,</subfield>
    <subfield code="b">Petrus Paulus</subfield>
    <subfield code="c"> &lt;il giovane&gt;</subfield>
    <subfield code="3">IT\ICCU\CNCA\024758</subfield>
    <subfield code="z">Vergerio, Pietro Paolo &lt;il giovane&gt;</subfield>
  </datafield>
  <datafield tag="790" ind1=" " ind2="0">
    <subfield code="a">Atanasio</subfield>
    <subfield code="c"> &lt;1498-1565&gt;</subfield>
    <subfield code="3">IT\ICCU\CNCA\027141</subfield>
    <subfield code="z">Vergerio, Pietro Paolo &lt;il giovane&gt;</subfield>
  </datafield>
  <datafield tag="790" ind1=" " ind2="1">
    <subfield code="a">Rasoro,</subfield>
    <subfield code="b">Ludovico</subfield>
    <subfield code="3">IT\ICCU\CNCA\027745</subfield>
    <subfield code="z">Vergerio, Pietro Paolo &lt;il giovane&gt;</subfield>
  </datafield>
  <datafield tag="790" ind1=" " ind2="1">
    <subfield code="a">Bonini,</subfield>
    <subfield code="b">Bonino de</subfield>
    <subfield code="3">IT\ICCU\CNCA\028764</subfield>
    <subfield code="z">Vergerio, Pietro Paolo &lt;il giovane&gt;</subfield>
  </datafield>
  <datafield tag="791" ind1="0" ind2="0">
    <subfield code="a">Landolfo, Dolfino</subfield>
    <subfield code="3">IT\ICCU\CNCT\004904</subfield>
    <subfield code="z">Landolfi, Dolfino</subfield>
  </datafield>
  <datafield tag="801" ind1=" " ind2="3">
    <subfield code="a">IT</subfield>
    <subfield code="b">ICCU</subfield>
    <subfield code="c">20201115</subfield>
  </datafield>
  <datafield tag="899" ind1=" " ind2=" ">
    <subfield code="a">Biblioteca estera - Bayerische StaatsBibliothek. Muenchen</subfield>
    <subfield code="1">AA0008</subfield>
  </datafield>
  <datafield tag="899" ind1=" " ind2=" ">
    <subfield code="a">Biblioteca estera - sterreichische Nationalbibliothek. Wien</subfield>
    <subfield code="1">AA0010</subfield>
  </datafield>
  <datafield tag="899" ind1=" " ind2=" ">
    <subfield code="a">British Library. London</subfield>
    <subfield code="1">UK0001</subfield>
  </datafield>
</record>
</collection>
